@misc{gacha,
    url={https://www.qustodio.com/es/blog/que-son-los-juegos-gacha/}, 
    journal={Qustodio},
    year={2022},
    title={¿Qué son los juegos gacha? Te contamos todo lo que debes saber},
    author={Lawrenson, E.}
}

@misc{gacha02,
    url={https://plarium.com/es/blog/gacha-games/},
    author={Anónimo},
    journal={Plarium},
    year={2023},
    title={Lo que debes saber de los Juegos Gacha: De las recompensas sorpresa hasta el entretenimiento garantizado}
}

@misc{ONTSI,
    journal={Pocket Gamer},
    author={ONTSI},
    url={https://www.pocketgamer.biz/comment-and-opinion/72369/mobile-gaming-whales-spending-more-than-ever-according-to-gameanalytics/},
    year={2019},
    title={Informe anual del sector de los Contenidos Digitales en España}
}

@misc{Navarro,
    url={https://rua.ua.es/dspace/bitstream/10045/118114/1/Analisis_de_las_mecanicas_gacha_y_su_relacion_con_la_adi_Navarro_Pastor_Jose.pdf},
    author={Navarro, J.},
    journal={Universitat de Alicante},
    year={2021},
    title={Análisis de las mecánicas gacha y su relación con la adicción en los videojuegos}
}

@misc{3DJuegos,
    url={https://www.3djuegos.com/juegos/genshin-impact/},
    author={Anónimo},
    journal={3DJuegos},
    year={n.d.},
    title={Genshin Impact}
}

@misc{xataka,
    url={https://www.xataka.com/videojuegos/donde-sale-genshin-impact-que-se-ha-convertido-uno-juegos-gratuitos-populares-ultimos-anos},
    author={John Tones},
    journal={Xataka},
    year={2020},
    title={De dónde sale 'Genshin Impact' y por qué se ha convertido en uno de los juegos gratuitos más populares de los últimos años}
}

@misc{statista,
    url={https://www.statista.com/statistics/1208573/genshin-impact-player-spending-app/},
    author={J. Clement},
    journal={statista},
    year={2024},
    title={App revenue generated by Genshin Impact worldwide from September 2020 to March 2024}
}

@misc{gacharevenue,
    url={https://www.gacharevenue.com/revenue},
    author={Anónimo},
    journal={GACHAREVENUE},
    year={2024},
    title={Revenue, last months gacha mobile revenue}
}

@misc{genshinlab,
    url={https://genshinlab.com/genshin-impact-revenue-chart/},
    author={Anónimo},
    journal={GenshinLab},
    year={2023},
    title={Genshin Impact Revenue Chart}
}